% Referências do Rafael

@book{monticelli1983fluxo,
  title={Fluxo de carga em redes de energia el{\'e}trica},
  author={Monticelli, Alcir Jos{\'e}},
  year={1983},
  publisher={São Paulo: E. Blucher}
}

@book{sqpbook2,
author = {Martins, Joaquim and Ning, Andrew},
year = {2021},
month = {10},
title = {Engineering design optimization},
isbn = {9781108833417},
publisher = {Cambridge University Press}
}

@InProceedings{sqp2,
author="Powell, M. J. D.",
editor="Watson, G. A.",
title="A fast algorithm for nonlinearly constrained optimization calculations",
booktitle="Numerical Analysis",
year="1978",
publisher="Springer Berlin Heidelberg",
address="Berlin, Heidelberg",
pages="144--157",
isbn="978-3-540-35972-2"
}

@article{sqp1,
author = {Powell, M. J.},
title = {Algorithms for Nonlinear Constraints That Use Lagrangian Functions},
year = {1978},
issue_date = {December  1978},
publisher = {Springer-Verlag},
address = {Berlin, Heidelberg},
volume = {14},
number = {1},
issn = {0025-5610},
month = {dec},
pages = {224–248},
numpages = {25},

}

  

@article{bb,
  title={Branch and Bound Experiments in Convex Nonlinear Integer Programming},
  author={Omprakash K. Gupta and Arunachalam Ravindran},
  journal={Management Science},
  year={1985},
  volume={31},
  pages={1533-1546}
}

@book{arenales2015pesquisa,
  title={Pesquisa operacional: para cursos de engenharia},
  author={Arenales, M. and Morabito, R. and Armentano, V. and Yanasse, H.},
  isbn={9788535281835},
  year={2015},
  publisher={Elsevier Brasil}
}


@book{sqpbook,
  title={Optimization methods for engineering design},
  author={Parkinson, A.R. and Balling, R. and J.D. Hedengren},
  year={2018},
  publisher={Brigham Young University}
}

@phdthesis{aco,
	title={Optimization, Learning and Natural Algorithms},
	author={Dorigo, M.},
	year={1992},
	school={Politecnico di Milano}
}

@article{de_,
author = {Storn, Rainer and Price, Kenneth},
title = {Differential Evolution – A Simple and Efficient Heuristic for Global Optimization over Continuous Spaces},
year = {1997},
issue_date = {December 1997},
publisher = {Kluwer Academic Publishers},
address = {USA},
volume = {11},
number = {4},
issn = {0925-5001},
journal = {J. of Global Optimization},
pages = {341–359},
numpages = {19}

}


@book{manual,
author = {GASPAR-CUNHA, António and TAKAHASHI, Ricardo and ANTUNES, Carlos Henggeler},
title = {Manual de computação evolutiva e metaheurística},
year = {2012},
publisher = {Imprensa da Universidade de Coimbra/Coimbra University Press},
}

@book{ga_,
author = {Goldberg, David E.},
title = {Genetic Algorithms in Search, Optimization and Machine Learning},
year = {1989},
isbn = {0201157675},
publisher = {Addison-Wesley Longman Publishing Co., Inc.},
address = {USA}
}

@article{gsa,
title = {GSA: A Gravitational Search Algorithm},
journal = {Information Sciences},
volume = {179},
number = {13},
pages = {2232-2248},
year = {2009},
note = {Special Section on High Order Fuzzy Sets},
issn = {0020-0255},
author = {Esmat Rashedi and Hossein Nezamabadi-pour and Saeid Saryazdi},
}

@article{grasp_,
author = {A. Feo and M.G.C. Resende},
title = {Greedy randomized adaptive search procedures},
journal = {Journal of Global Optimization},
year  = {1995},
publisher = {Taylor \& Francis},
volume={6},
pages={109-133},
publisher={Springer}
}

@article{fuzzy,
title = {Fuzzy sets},
journal = {Information and Control},
volume = {8},
number = {3},
pages = {338-353},
year = {1965},
issn = {0019-9958},
author = {L.A. Zadeh}
}

@article{rl_,
author = {Kaelbling, Leslie Pack and Littman, Michael L. and Moore, Andrew W.},
title = {Reinforcement Learning: A Survey},
year = {1996},
publisher = {AI Access Foundation},
address = {El Segundo, CA, USA},
volume = {4},
number = {1},
issn = {1076-9757},
journal = {Journal of Artificial Intelligence Research},
month = {may},
pages = {237–285},
numpages = {49}
}

  
@misc{rl_,
      title={Reinforcement Learning: A Survey}, 
      author={L. P. Kaelbling and M. L. Littman and A. W. Moore},
      year={1996},
}

@INPROCEEDINGS{ais,

  author={Dasgupta, D.},

  booktitle={SMC'98 Conference Proceedings. 1998 IEEE International Conference on Systems, Man, and Cybernetics (Cat. No.98CH36218)}, 

  title={An artificial immune system as a multi-agent decision support system}, 

  year={1998},

  volume={4},

  number={},

  pages={3816-3820 vol.4}}

@article{ts_,
author = {A Tuson},
title = {Tabu Search},
journal = {Journal of the Operational Research Society},
volume = {50},
number = {1},
pages = {106-107},
year  = {1999},
publisher = {Taylor \& Francis}
}

 @article{Kirkpatrick1983OptimizationBS,
  title={Optimization by Simulated Annealing},
  author={Scott Kirkpatrick and Charles D. Gelatt and Michelle Vecchi},
  journal={Science},
  year={1983},
  volume={220},
  pages={671 - 680}
}

@inproceedings{ep_,
  title={Artificial Intelligence through Simulated Evolution},
  author={Lawrence J. Fogel and A. J. Owens and Michael J. Walsh},
  year={1966}
}
  
@article{rnn_evcomp,
title = {Metaheuristic design of feedforward neural networks: A review of two decades of research},
journal = {Engineering Applications of Artificial Intelligence},
volume = {60},
pages = {97-116},
author = {Varun Kumar Ojha and Ajith Abraham and Václav SnASel},
year = {2017},
issn = {0952-1976},
}

@book{algoritmo_ga,
  title={Genetic Algorithms in Search, Optimization, and Machine Learning},
  author={David Edward Goldberg},
  year={1989},
  publisher={Addison-Wesley}
}

@article{reduced,
title = {An optimal load flow study by the generalized reduced gradient approach},
journal = {Electric Power Systems Research},
volume = {10},
number = {1},
pages = {47-53},
year = {1986},
issn = {0378-7796},
author = {David C. Yu and John E. Fagan and Bobbie Foote and Adel A. Aly},

}



@ARTICLE{sqp,
   author = {S. Sivasubramani},
   author = {K.S. Swarup},
   keywords = {DE algorithm;SQP;IEEE 118-bus test system;IEEE 30-bus test system;differential evolution algorithm;OPF problem;sequential quadratic programming;valve-point effect;optimal power flow problem;transmission line loss;},
   ISSN = {1751-8687},
   title = {Sequential quadratic programming based differential evolution algorithm for optimal power flow problem},
   journal = {IET Generation, Transmission \& Distribution},
   issue = {11},   
   volume = {5},
   year = {2011},
   month = {November},
   pages = {1149-1154(5)},
   publisher ={Institution of Engineering and Technology},
   copyright = {© The Institution of Engineering and Technology},

}

@ARTICLE{newton,

  author={Sun, David I. and Ashley, Bruce and Brewer, Brian and Hughes, Art and Tinney, William F.},

  journal={IEEE Transactions on Power Apparatus and Systems}, 

  title={Optimal Power Flow By Newton Approach}, 

  year={1984},

  volume={PAS-103},

  number={10},

  pages={2864-2880},

 }



@book{compint,
  title={Computational Intelligence: An Introduction},
  author={Engelbrecht , A. P.},
  year={2007},
  publisher={Nova Jersey: John Wiley \& Sons Inc}
}

@article{belati,
	title={Sensitivity analysis applied to nodal technical losses evaluation in power transmission systems},
	author={Belati, Edmarcio A.  and Nascimento, Claudionor F. and Alvaro B. Dietrich and Haroldo, de Faria Jr.},
	journal={International Transactions on Electrical Energy Systems},
	number={24(2)},
	pages={178-185},
	year={2014},

}

@article{carpentier,
	title={Contribution à l’étude du dispatching économique},
	author={Carpentier, J. L.},
	journal={Bulletin
de la Société Française des Electriciens},
	number={3(8)},
	pages={431-447},
	year={1962}
}

@article{de_opf,
	title={Optimal power flow using differential evolution algorithm},
	author={A.A. Abou El Ela and M.A. Abido and S.R. Spea},
	journal={Electric Power Systems Research},
	volume={80},
	number={7},
	pages={878-885},
	year={2010},
	publisher={Elsevier}

}

@article{antlion,
title = {Ant lion optimizer for solving optimal reactive power dispatch problem in power systems},
journal = {Engineering Science and Technology, an International Journal},
volume = {20},
number = {3},
pages = {885-895},
year = {2017},
issn = {2215-0986},
author = {Souhil Mouassa and Tarek Bouktir and Ahmed. Salhi},
}

@article{PG-PSO-NR,
  title={Pseudo-gradient Based Particle Swarm Optimization with Constriction Factor for Multi Objective Optimal Power Flow},
  author={Dieu Ngoc Vo and Tuan Trong Nguyen},
  journal={Global Journal of Technology and Optimization},
  year={2015},
  volume={2015},
  pages={1-7}
}

@ARTICLE{EP-SQP,

  author={Attaviriyanupap, P. and Kita, H. and Tanaka, E. and Hasegawa, J.},

  journal={IEEE Transactions on Power Systems}, 

  title={A hybrid EP and SQP for dynamic economic dispatch with nonsmooth fuel cost function}, 

  year={2002},

  volume={17},

  number={2},

  pages={411-416},

}

@INPROCEEDINGS{pso_mpi,

  author={Liu, Chengxi and Qin, Nan and Xu, Yini and Bak, Claus Leth},

  booktitle={2015 IEEE Eindhoven PowerTech}, 

  title={A hybrid optimization method for reactive power and voltage control considering power loss minimization}, 

  year={2015},

  pages={1-6},
}

@ARTICLE{PE-IP,

  author={Wei Yan and Shuai Lu and Yu, D.C.},

  journal={IEEE Transactions on Power Systems}, 

  title={A novel optimal reactive power dispatch method based on an improved hybrid evolutionary programming technique}, 

  year={2004},

  volume={19},

  number={2},

  pages={913-918},

}
@article{PSO-SQP,
title = {Hybrid PSO–SQP for economic dispatch with valve-point effect},
journal = {Electric Power Systems Research},
volume = {71},
number = {1},
pages = {51-59},
year = {2004},
issn = {0378-7796},
author = {T.Aruldoss Albert Victoire and A.Ebenezer Jeyakumar},
}

@ARTICLE{IP-DE,

  author={Duvvuru, Nagarjuna and Swarup, K. S.},

  journal={IEEE Transactions on Power Systems}, 

  title={A Hybrid Interior Point Assisted Differential Evolution Algorithm for Economic Dispatch}, 

  year={2011},

  volume={26},

  number={2},

  pages={541-549},
  }

@INPROCEEDINGS{ga_ip_pt,

  author={Soto, J.R.O. and Domellas, C.R.R. and Falcao, D.M.},

  booktitle={2001 IEEE Porto Power Tech Proceedings (Cat. No.01EX502)}, 

  title={Optimal reactive power dispatch using a hybrid formulation: genetic algorithms and interior point}, 

  year={2001},

  volume={3},

  number={},

  pages={5 pp. vol.3-},
}
@ARTICLE{ga_ip,

  author={Wei Yan and Fang Liu and Chung, C.Y. and Wong, K.P.},

  journal={IEEE Transactions on Power Systems}, 

  title={A hybrid genetic algorithm-interior point method for optimal reactive power flow}, 

  year={2006},

  volume={21},

  number={3},

  pages={1163-1169},
}
@article{ga_opf,
	title={Reactive power optimization by genetic algorithm},
	author={K. Iba},
	journal={IEEE Transactions on Power Systems},
	volume={9},
	pages={685-692},
	year={1994},
	publisher={IEEE}

}


@article{gwo_opf,
	title={Using the gray wolf optimizer for solving optimal reactive  power dispatch problem},
	author={M. H. Sulaiman and Z. Mustaffa and M. R. Mohamed and O. Aliman},
	journal={Applied Soft Computing},
	volume={32},
	pages={286-292},
	year={2015},
	publisher={Elsevier}

}
@ARTICLE{metareview,

  author={Gutierrez Rojas, Daniel and Lopez Lezama, Jesus and Villa, Walter},

  journal={IEEE Latin America Transactions}, 

  title={Metaheuristic Techniques Applied to the Optimal Reactive Power Dispatch: a Review}, 

  year={2016},

  volume={14},

  number={5},

  pages={2253-2263},

 }

@article{pso-review-a3,
title = {A novel hybrid optimization approach for reactive power dispatch problem considering voltage stability index},
journal = {Engineering Applications of Artificial Intelligence},
volume = {96},
pages = {103963},
year = {2020},
issn = {0952-1976},
author = {Mostafa Nasouri Gilvaei and Hossein Jafari and Mojtaba Jabbari Ghadi and Li Li}
}

@ARTICLE{ec-ml,

  author={Zhang, Jun and Zhan, Zhi-hui and Lin, Ying and Chen, Ni and Gong, Yue-jiao and Zhong, Jing-hui and Chung, Henry S.H. and Li, Yun and Shi, Yu-hui},

  journal={IEEE Computational Intelligence Magazine}, 

  title={Evolutionary Computation Meets Machine Learning: A Survey}, 

  year={2011},

  volume={6},

  number={4},

  pages={68-75},
}

  
  @article{pso-de-sc1,
title = {Performance assessment of PSO, DE and hybrid PSO–DE algorithms when applied to the dispatch of generation and demand},
journal = {International Journal of Electrical Power \& Energy Systems},
volume = {47},
pages = {205-217},
year = {2013},
issn = {0142-0615},
author = {Thaís de Fátima Araújo and Wadaed Uturbey}
}
  
  @ARTICLE{detreview1,

  author={Momoh, J.A. and Adapa, R. and El-Hawary, M.E.},

  journal={IEEE Transactions on Power Systems}, 

  title={A review of selected optimal power flow literature to 1993.}, 

  year={1999},

  volume={14},

  number={1},

  pages={96-104},

 }
 

@ARTICLE{detreview2,

  author={Momoh, J.A. and El-Hawary, M.E. and Adapa, R.},

  journal={IEEE Transactions on Power Systems}, 

  title={A review of selected optimal power flow literature to 1993. II. Newton, linear programming and interior point methods}, 

  year={1999},

  volume={14},

  number={1},

  pages={105-111},

 }

@article{psohibrido,
	title={Hybrid Particle Swarm Optimization Approach for Solving the Discrete OPF Problem Considering the Valve Loading Effects},
	author={M. R. AlRashidi and M. E. El-Hawary},
	journal={IEEE Transactions on Power Apparatus and Systems},
	number={11},
	pages={3267--3275},
	year={2007},
	publisher={IEEE}
}

@article{pso_gwo,
	title={A novel hybrid GWO-PSO optimization technique for optimal reactive power dispatch problem solution},
	author={Mohamed A.M. Shaheen and Hany M. Hasanien and Abdulaziz Alkuhayli},
	journal={Ain Shams Engineering Journal},
	number={1},
	volume={12},
	pages={621--630},
	year={2021},
	publisher={Elsevier}
}

@article{alawode,
title = {Semidefinite programming solution of economic dispatch problem with non-smooth, non-convex cost functions},
journal = {Electric Power Systems Research},
volume = {164},
pages = {178-187},
year = {2018},
issn = {0378-7796},
author = {K.O. Alawode and A.M. Jubril and L.O. Kehinde and P.O. Ogunbona}
}

@article{SFLA-SA,
title = {A new hybrid algorithm for optimal power flow considering prohibited zones and valve point effect},
journal = {Energy Conversion and Management},
volume = {58},
pages = {197-206},
year = {2012},
issn = {0196-8904},
author = {Taher Niknam and Mohammad Rasoul Narimani and Rasoul Azizipanah-Abarghooee},
}

@ARTICLE{monti,

  author={Monticelli, A. and Liu, W.-H.E.},

  journal={IEEE Transactions on Power Systems}, 

  title={Adaptive movement penalty method for the Newton optimal power flow}, 

  year={1992},

  volume={7},

  number={1},

  pages={334-342},

 }
 

@article{maldicao,
author = {Chen, Stephen and Montgomery, James and Bolufé-Röhler, Antonio},
title = {Measuring the Curse of Dimensionality and Its Effects on Particle Swarm Optimization and Differential Evolution},
year = {2015},
issue_date = {April     2015},
publisher = {Kluwer Academic Publishers},
address = {USA},
volume = {42},
number = {3},
issn = {0924-669X},
journal = {Applied Intelligence},
month = {apr},
pages = {514–526},
numpages = {13},
}

@ARTICLE{fdbx,

  author={Stott, B. and Alsac, O.},

  journal={IEEE Transactions on Power Apparatus and Systems}, 

  title={Fast Decoupled Load Flow}, 

  year={1974},

  volume={PAS-93},

  number={3},

  pages={859-869},

 }


@article{silvaBranchandBound,
	title={Allocation of static VAr compensators using optimal reactive power flow and branch \& bound algorithm},
	author={Silva, Mauricio Chinarelli Alves and Belati, Edmarcio Antonio},
	journal={IEEE Latin America Transactions},
	volume={14},
	number={5},
	pages={2194--2200},
	year={2016},
	publisher={IEEE}
}

@article{dynamic_pso_sqp,
title = {Deterministically guided PSO for dynamic dispatch considering valve-point effect},
journal = {Electric Power Systems Research},
volume = {73},
number = {3},
pages = {313-322},
year = {2005},
issn = {0378-7796},
author = {T. Aruldoss Albert Victoire and A. Ebenezer Jeyakumar},

}

@article{ep-pso-sqp,
author = { S.   Titus  and  A.   Ebenezer   Jeyakumar },
title = {A Hybrid EP-PSO-SQP Algorithm for Dynamic Dispatch Considering Prohibited Operating Zones},
journal = {Electric Power Components and Systems},
volume = {36},
number = {5},
pages = {449-467},
year  = {2008},
publisher = {Taylor \& Francis},
}

}




@article{cpso_sqp,
title = {A hybrid CPSO–SQP method for economic dispatch considering the valve-point effects},
journal = {Energy Conversion and Management},
volume = {53},
number = {1},
pages = {175-181},
year = {2012},
issn = {0196-8904},
author = {Jiejin Cai and Qiong Li and Lixiang Li and Haipeng Peng and Yixian Yang},
}
@INPROCEEDINGS{PSO-QN,

  author={dos Santos Coelho, Leandro and Mariani, Viviana Cocco},

  booktitle={2006 IEEE International Conference on Systems, Man and Cybernetics}, 

  title={Particle Swarm Optimization with Quasi-Newton Local Search for Solving Economic Dispatch Problem}, 

  year={2006},

  volume={4},

  number={},

  pages={3109-3113},

}
@INPROCEEDINGS{pesoineq,
  author={Bansal, J. C. and Singh, P. K. and Saraswat, Mukesh and Verma, Abhishek and Jadon, Shimpi Singh and Abraham, Ajith},
  booktitle={2011 Third World Congress on Nature and Biologically Inspired Computing}, 
  title={Inertia Weight strategies in Particle Swarm Optimization}, 
  year={2011},
  volume={},
  number={},
  pages={633-640},
  }
  
  @INPROCEEDINGS{fuzzyshi,

  author={Yuhui Shi and Eberhart, R.C.},

  booktitle={Proceedings of the 2001 Congress on Evolutionary Computation (IEEE Cat. No.01TH8546)}, 

  title={Fuzzy adaptive particle swarm optimization}, 

  year={2001},

  volume={1},

  number={},

  pages={101-106 vol. 1},

}

@article{psotraj,
title = {A study of particle swarm optimization particle trajectories},
journal = {Information Sciences},
volume = {176},
number = {8},
pages = {937-971},
year = {2006},
issn = {0020-0255},
author = {F. van den Bergh and A.P. Engelbrecht},
}

@INPROCEEDINGS{pesoinercia,

  author={Shi, Y. and Eberhart, R.},

  booktitle={1998 IEEE International Conference on Evolutionary Computation Proceedings. IEEE World Congress on Computational Intelligence (Cat. No.98TH8360)}, 

  title={A modified particle swarm optimizer}, 

  year={1998},

  volume={},

  number={},

  pages={69-73},

  }


@article{pinheiro,
title = {Solving Nonsmooth and Discontinuous Optimal Power Flow problems via interior-point ℓp-penalty approach},
journal = {Computers \& Operations Research},
volume = {138},
pages = {105607},
year = {2022},
issn = {0305-0548},
author = {Ricardo B.N.M. Pinheiro and Antonio R. Balbo and Tiago G. Cabana and Leonardo Nepomuceno},
}

@ARTICLE{edilaine,

  author={Soler, Edilaine Martins and Asada, Eduardo N. and da Costa, Geraldo R. M.},

  journal={IEEE Transactions on Power Systems}, 

  title={Penalty-Based Nonlinear Solver for Optimal Reactive Power Dispatch With Discrete Controls}, 

  year={2013},

  volume={28},

  number={3},

  pages={2174-2182},

 }
 
 @ARTICLE{dados13,

  author={Sinha, N. and Chakrabarti, R. and Chattopadhyay, P.K.},

  journal={IEEE Transactions on Evolutionary Computation}, 

  title={Evolutionary programming techniques for economic load dispatch}, 

  year={2003},

  volume={7},

  number={1},

  pages={83-94},
}

@ARTICLE{balamurugan,

  author={Balamurugan, K. and Muralisachithnndam, R. and Krishnan, S. R.},

  journal={International Journal on Electrical Engineering and Informatics}, 

  title={Differential evolution based solution for combined economic and emission power dispatch with valve
loading effect}, 

  year={2003},

  volume={5},

  number={1},

  pages={74-92},
}

 
@article{NIKNAM,
title = {A new hybrid algorithm for optimal power flow considering prohibited zones and valve point effect},
journal = {Energy Conversion and Management},
volume = {58},
pages = {197-206},
year = {2012},
issn = {0196-8904},
author = {Taher Niknam and Mohammad Rasoul Narimani and Rasoul Azizipanah-Abarghooee},
keywords = {Optimal power flow, Hybrid SFLA-SA, Evolutionary algorithm, Shuffle frog leaping algorithm},
}

@phdthesis{teseDiegoNunesSilva,
	title={Novas abordagens determin{\'i}sticas de otimizaç{\~a}o para resoluç{\~ao} do problema de fluxo de pot{\^e}ncia {\'o}timo},
	author={Silva, Diego Nunes},
	year={2019},
	school={Universidade de S{\~a}o Paulo}
}



@ARTICLE{clpso1,

  author={Meysam Rahmati and Reza Effatnejad and Amin Safari},

  journal={International Journal on Electrical Engineering and Informatics}, 

  title={Comprehensive learning particle swarm optimization (CLPSO) for multi-objective optimal power flow}, 

  year={2014},

  volume={7},

  number={3},

  pages={262-270},
}

@article{clpso2,
title = {Comprehensive learning particle swarm optimization for reactive power dispatch},
journal = {Applied Soft Computing},
volume = {10},
number = {2},
pages = {641-652},
year = {2010},
issn = {1568-4946},
author = {K. Mahadevan and P.S. Kannan},

}

@article{clpso3,
title = {Hybrid of comprehensive learning particle swarm optimization and SQP algorithm for large scale economic load dispatch optimization of power system.},
journal = {Science China Information Science},
volume = {53},
number = {8},
pages = {1566–1573},
year = {2010},
author = {Wang, Y. and Li, B. and Yuan, B.}
}



@ARTICLE{pso_grad,
   author = {Rasoul Azizipanah-Abarghooee and Taher Niknam and Masihallah Gharibzadeh and Faranak Golestaneh},
   ISSN = {1751-8687},
   language = {English},
   title = {Robust, fast and optimal solution of practical economic dispatch by a new enhanced gradient-based simplified swarm optimisation algorithm},
   journal = {IET Generation, Transmission \& Distribution},
   issue = {6},   
   volume = {7},
   year = {2013},
   month = {June},
   pages = {620-635(15)},
   publisher ={Institution of Engineering and Technology},
   }
   
   
   


@Article{PSO-TS,
AUTHOR = {Sahli, Zahir and Hamouda, Abdellatif and Bekrar, Abdelghani and Trentesaux, Damien},
TITLE = {Reactive Power Dispatch Optimization with Voltage Profile Improvement Using an Efficient Hybrid Algorithm †},
JOURNAL = {Energies},
VOLUME = {11},
YEAR = {2018},
NUMBER = {8},
ARTICLE-NUMBER = {2134},
ISSN = {1996-1073},
}


@article{pso-ga-sc2,
title = {An efficient hybrid MPSO-GA algorithm for solving non-smooth/non-convex economic dispatch problem with practical constraints},
journal = {Ain Shams Engineering Journal},
volume = {9},
number = {4},
pages = {1279-1287},
year = {2018},
issn = {2090-4479},
author = {Hassan Barati and Mohammad Sadeghi}
}

@article{pso-ga-sc1,
title = {Experimental study of a new hybrid PSO with mutation for economic dispatch with non-smooth cost function},
journal = {International Journal of Electrical Power \& Energy Systems},
volume = {32},
number = {9},
pages = {921-935},
year = {2010},
issn = {0142-0615},
author = {Haiyan Lu and Pichet Sriyanyong and Yong Hua Song and Tharam Dillon}
}

@article{pso-aco,
author = {Dipankar Santra and Krishna Sarker and Anirban Mukherjee and Arindam Mondal},
title = {Hybrid PSO-ACO technique to solve multi-constraint economic load dispatch problems for 6-generator system},
journal = {International Journal of Computers and Applications},
volume = {38},
number = {2-3},
pages = {96-115},
year  = {2016},
publisher = {Taylor \& Francis}
}



@ARTICLE{pso-sa,

  author={Kuo, Cheng-Chien},

  journal={IEEE Transactions on Power Systems}, 

  title={A Novel Coding Scheme for Practical Economic Dispatch by Modified Particle Swarm Approach}, 

  year={2008},

  volume={23},

  number={4},

  pages={1825-1835}

}

@article{POTHIYA2010478,
title = {Ant colony optimisation for economic dispatch problem with non-smooth cost functions},
journal = {International Journal of Electrical Power \& Energy Systems},
volume = {32},
number = {5},
pages = {478-487},
year = {2010},
issn = {0142-0615},
author = {Saravuth Pothiya and Issarachai Ngamroo and K. Waree}
}


@article{pso-gsa,
title = {A novel modified hybrid PSOGSA based on fuzzy logic for non-convex economic dispatch problem with valve-point effect},
journal = {International Journal of Electrical Power \& Energy Systems},
volume = {64},
pages = {121-135},
year = {2015},
issn = {0142-0615},
author = {Serhat Duman and Nuran Yorukeren and Ismail H. Altas}
}

@article{pso-ff,
title = {A novel hybrid optimization approach for reactive power dispatch problem considering voltage stability index},
journal = {Engineering Applications of Artificial Intelligence},
volume = {96},
pages = {103963},
year = {2020},
issn = {0952-1976},
author = {Mostafa Nasouri Gilvaei and Hossein Jafari and Mojtaba Jabbari Ghadi and Li Li},
}

@article{pso-ma,
author = { A.   Shunmugalatha  and  S.   Mary Raja   Slochanal },
title = {Application of Hybrid Multiagent-based Particle Swarm Optimization to Optimal Reactive Power Dispatch},
journal = {Electric Power Components and Systems},
volume = {36},
number = {8},
pages = {788-800},
year  = {2008},
publisher = {Taylor \& Francis}}



@article{pso-de,
title = {A hybrid differential evolution algorithm based on particle swarm optimization for nonconvex economic dispatch problems},
journal = {Applied Soft Computing},
volume = {13},
number = {4},
pages = {1608-1619},
year = {2013},
issn = {1568-4946},
author = {Samir Sayah and Abdellatif Hamouda},
}

@article{pso_mpi_optimisation,
title = {A hybrid method of chaotic particle swarm optimization and linear interior for reactive power optimisation},
journal = {Mathematics and Computers in Simulation},
volume = {68},
number = {1},
pages = {57-65},
year = {2005},
issn = {0378-4754},
author = {Jiang Chuanwen and Etorre Bompard},
}



@article{IPGPSO,
author = {Jirawadee Polprasert and Weerakorn Ongsakul and Vo Ngoc Dieu},
title = {Optimal Reactive Power Dispatch Using Improved Pseudo-gradient Search Particle Swarm Optimization},
journal = {Electric Power Components and Systems},
volume = {44},
number = {5},
pages = {518-532},
year  = {2016},
publisher = {Taylor \& Francis},
}
  
  
@article{pso_gwo_de,
        journal={International Journal of Research in Advent Technology},
        volume = {4},
        number = {6},
        year={2016},
        title={Hybrid GWO-PSO algorithm for solving convex economic
load dispatch problem},
        author={Nitish Chopra and Gourav Kumar and Shivani Mehta}
}
@inproceedings{HPSO,
  title={A Hybrid Particle Swarm Optimization Algorithm for the Economic Dispatch Problem Dinu},
  author={Calin Secui},
  year={2015},
  journal={Majlesi Journal of Electrical Engineering},
  volume={9},
  
}

@INPROCEEDINGS{psosugsakarn,

  author={Sugsakarn, Wilasinee and Damrongkulkamjorn, Parnjit},

  booktitle={2008 5th International Conference on Electrical Engineering/Electronics, Computer, Telecommunications and Information Technology}, 

  title={Economic dispatch with nonsmooth cost function using hybrid method}, 

  year={2008},

  volume={2},

  number={},

  pages={889-892},

}

@article{maldicao2,
author = {Chu, Wei and Gao, Xiaogang and Sorooshian, Soroosh},
title = {A New Evolutionary Search Strategy for Global Optimization of High-Dimensional Problems},
year = {2011},
issue_date = {November, 2011},
publisher = {Elsevier Science Inc.},
address = {USA},
volume = {181},
number = {22},
issn = {0020-0255},
journal = {Inf. Sci.},
month = {nov},
pages = {4909–4927},
numpages = {19}
}

  
  
@article{kasma,
title = "Optimal power flow problem considering multiple-fuel options and disjoint operating zones: A solver-friendly MINLP model",
author = "Mahdi Pourakbari-Kasmaei and Matti Lehtonen and Mahmud Fotuhi-Firuzabad and Mousa Marzband and Mantovani, {Jos{\'e} Roberto Sanches}",
year = "2019",
month = dec,
language = "English",
volume = "113",
pages = "45--55",
journal = "International Journal of Electrical Power and Energy Systems",
issn = "0142-0615",
publisher = "Elsevier Limited",

}

@ARTICLE{rampa,

  author={Zwe-Lee Gaing},

  journal={IEEE Transactions on Power Systems}, 

  title={Particle swarm optimization to solving the economic dispatch considering the generator constraints}, 

  year={2003},

  volume={18},

  number={3},

  pages={1187-1195},

}

@ARTICLE{abbas,

  author={Abbas, Ghulam and Gu, Jason and Farooq, Umar and Asad, Muhammad Usman and El-Hawary, Mohamed},

  journal={IEEE Access}, 

  title={Solution of an Economic Dispatch Problem Through Particle Swarm Optimization: A Detailed Survey - Part I}, 

  year={2017},

  volume={5},

  number={},

  pages={15105-15141},

}


@ARTICLE{EP,

  author={Yuryevich, J. and Kit Po Wong},

  journal={IEEE Transactions on Power Systems}, 

  title={Evolutionary programming based optimal power flow algorithm}, 

  year={1999},

  volume={14},

  number={4},

  pages={1245-1250},

}


@Article{apopt,
AUTHOR = {Beal, Logan D. R. and Hill, Daniel C. and Martin, R. Abraham and Hedengren, John D.},
TITLE = {GEKKO Optimization Suite},
JOURNAL = {Processes},
VOLUME = {6},
YEAR = {2018},
NUMBER = {8},
ARTICLE-NUMBER = {106},
ISSN = {2227-9717},

}

@article{DE,
title = {Differential evolution approach for optimal reactive power dispatch},
journal = {Applied Soft Computing},
volume = {8},
number = {4},
pages = {1549-1561},
year = {2008},
note = {Soft Computing for Dynamic Data Mining},
issn = {1568-4946},
author = {M. Varadarajan and K.S. Swarup},
}

@ARTICLE{clpso_ls,

  author={Cao, Yulian and Zhang, Han and Li, Wenfeng and Zhou, Mengchu and Zhang, Yu and Chaovalitwongse, Wanpracha Art},

  journal={IEEE Transactions on Evolutionary Computation}, 

  title={Comprehensive Learning Particle Swarm Optimization Algorithm With Local Search for Multimodal Functions}, 

  year={2019},

  volume={23},

  number={4},

  pages={718-731},

}

@ARTICLE{clpso,

  author={Liang, J.J. and Qin, A.K. and Suganthan, P.N. and Baskar, S.},

  journal={IEEE Transactions on Evolutionary Computation}, 

  title={Comprehensive learning particle swarm optimizer for global optimization of multimodal functions}, 

  year={2006},

  volume={10},

  number={3},

  pages={281-295},

 }


@article{pan2018hybrid,
  title={A hybrid MILP and IPM approach for dynamic economic dispatch with valve-point effects},
  author={Pan, Shanshan and Jian, Jinbao and Yang, Linfeng},
  journal={International Journal of Electrical Power \& Energy Systems},
  volume={97},
  pages={290--298},
  year={2018},
  publisher={Elsevier}
  }

@ARTICLE{rounding,

  author={Adibi, M.M. and Polyak, R.A. and Griva, I.A. and Mili, L. and Ammari, S.},

  journal={IEEE Transactions on Power Systems}, 

  title={Optimal transformer tap selection using modified barrier-augmented Lagrangian method}, 

  year={2003},

  volume={18},

  number={1},

  pages={251-257},

}

@article{ipopt,
  title={On the implementation of an interior-point filter line-search algorithm for large-scale nonlinear programming},
  author={Andreas W{\"a}chter and Lorenz T. Biegler},
  journal={Mathematical Programming},
  year={2006},
  volume={106},
  pages={25-57}
}

@mastersthesis{dissertacaojv,
	author={Dias, João Vitor},
	Title = {Evolução diferencial híbrida com o método BFGS para a resolução do problema de despacho econômico com o efeito de ponto de carregamento de válvula},
	Type = {Disserta{\c c}{\~a}o de Mestrado},
	Year = {2021},
	school={Universidade Estadual Paulista "Júlio de Mesquita Filho"}}
	
	
@mastersthesis{dissertacaodiego,
	author={Silva, Diego Nunes},
	Title = {Método primal-dual previsor-corretor de pontos interiores e exteriores com estratégias de correção de inércia e suavização hiperbólica aplicado ao problema de despacho econômico com ponto de carregamento de válvula e representação da transmissão},
	Type = {Disserta{\c c}{\~a}o de Mestrado},
	Year = {2014},
	school={Universidade Estadual Paulista "Júlio de Mesquita Filho"}}

@phdthesis{teseEdilaine,
	title={Resoluç{\~a}o do problema de Fluxo de Pot{\^e}ncia {\'O}timo com vari{\'a}veis de controle discretas},
	author={Soler, Edilaine Martins},
	year={2011},
	school={Universidade de S{\~a}o Paulo}
}


@article{metododeNewton,
	title={Optimal power flow by Newton approach},
	author={Sun, David I and Ashley, Bruce and Brewer, Brian and Hughes, Art and Tinney, William F},
	journal={IEEE Transactions on Power Apparatus and systems},
	number={10},
	pages={2864--2880},
	year={1984},
	publisher={IEEE}
}

@article{metododePontosInteriores,
	title={Optimal reactive dispatch through interior point methods},
	author={S. Granville},
	journal={IEEE Transactions on Power Systems},
	volume={9},
	number={1},
	pages={136--146},
	year={1994},
	publisher={IEEE}
	}

@article{funcoesPenalidade,
	title={Penalty-based nonlinear solver for optimal reactive power dispatch with discrete controls},
	author={Edilaine Martins Soler and E. Asada and G. da Costa},
	journal={IEEE Transactions on Power Systems},
	volume={28},
	number={3},
	pages={2174--2182},
	year={2013},
	publisher={IEEE}
}

@article{high_dim,
	title={Particle Swarm Optimisation and high dimensional problem spaces},
	author={T. Hendtlass},
	journal={IEEE Congress on Evolutionary Computation},
	pages={1988--1994},
	year={2009},
	publisher={IEEE}
}



@article{violacao,
	title={A hybrid genetic algorithm-interior point method for optimal reactive power flow},
	author={Wei Yan and Fang Liu and C. Y. Chung and K. P. Wong},
	journal={IEEE Transactions on Power Systems},
	volume={21},
	number={3},
	pages={1163--1169},
	year={2006},
	publisher={IEEE}
}

@article{difevolution,
	title={A simple and efficient heuristic for global optimization over continuous spaces},
	author={Storn, R. and Price, K.},
	journal={Journal of Global Optimization},
	volume={11},
	pages={341--359},
	year={1997},
	publisher={Springer}
}

@article{pso_artigo,
	title={Particle swarm optimization},
	author={Kennedy, J. and Eberhart, R.},
	journal={Proceedings of ICNN'95},
	volume={4},
	pages={1942--1948},
	year={1995},
	publisher={IEEE}
}

@article{ga_opf,
	title={Optimal power flow by enhanced genetic algorithm},
	author={Bakirtzis, A. G. and Biskas, P. N. and Zoumas, C. E. and Petridis, V.},
	journal={IEEE Transactions on Power Systems},
	volume={17},
	number = {2}
	pages={229-236},
	year={2002},
	publisher={IEEE}
}



@misc{arenales,
	title={Pesquisa operacional: modelagem e algoritmos},
	author={Arenales, M and Armentano, VA and Morabito, R and Yanasse, HH},
	year={2006},
	publisher={Rio de Janeiro: Elsevier}
}

@article{leyffer2004solving,
	title={Solving mathematical programs with complementarity constraints as nonlinear programs},
	author={Fletcher*, Roger and Leyffer,, Sven},
	journal={Optimization Methods and Software},
	volume={19},
	number={1},
	pages={15--40},
	year={2004},
	publisher={Taylor \& Francis}
}


@incollection{leyffer2006complementarity,
	title={Complementarity constraints as nonlinear equations: Theory and numerical experience},
	author={Leyffer, Sven},
	booktitle={Optimization with Multivalued Mappings},
	pages={169--208},
	year={2006},
	publisher={Springer}
}

@incollection{kraemer2010continuous,
	title={Continuous reformulation of MINLP problems},
	author={Kraemer, Korbinian and Marquardt, Wolfgang},
	booktitle={Recent advances in optimization and its applications in engineering},
	pages={83--92},
	year={2010},
	publisher={Springer}
}



@article{dissertacaoMarina,
	title={Reformula{\c{c}}{\~a}o das restri{\c{c}}{\~o}es de complementaridade em problemas de fluxo de pot{\^e}ncia {\'o}timo},
	author={Alencar, Marina Valen{\c{c}}a},
	year={2019},
	publisher={Universidade Estadual Paulista (UNESP)}
}

@article{hassanSEPgrafos,
	title={Convex quadratic relaxations for mixed-integer nonlinear programs in power systems},
	author={Hijazi, Hassan and Coffrin, Carleton and Van Hentenryck, Pascal},
	journal={Mathematical Programming Computation},
	volume={9},
	number={3},
	pages={321--367},
	year={2017},
	publisher={Springer}
}

@article{artigoMarina,
	title={Reducing the Number of Control Actions in the Discrete Reactive Optimal Power Flow},
	author={Alencar,M V and Nepomuceno, L and Balbo, A R and Baptista, E C and Soler, E M},
	journal={IEEE Latin America Transactions},
	volume={Aceito para publicação},
	}
	
@article{metododoGradienteReduzido,
	title={Optimal power flow solutions},
	author={Dommel, Hermann W and Tinney, William F},
	journal={IEEE Transactions on power apparatus and systems},
	number={10},
	pages={1866--1876},
	year={1968},
	publisher={IEEE}
}	

@ARTICLE{8344496,

  author={Thurner, Leon and Scheidler, Alexander and Schäfer, Florian and Menke, Jan-Hendrik and Dollichon, Julian and Meier, Friederike and Meinecke, Steffen and Braun, Martin},

  journal={IEEE Transactions on Power Systems}, 

  title={Pandapower—An Open-Source Python Tool for Convenient Modeling, Analysis, and Optimization of Electric Power Systems}, 

  year={2018},

  volume={33},

  number={6},

  pages={6510-6521},

}

@ARTICLE{pp, author={Thurner, Leon and Scheidler, Alexander and Schäfer, Florian and Menke, Jan-Hendrik and Dollichon, Julian and Meier, Friederike and Meinecke, Steffen and Braun, Martin}, journal={IEEE Transactions on Power Systems}, title={Pandapower—An Open-Source Python Tool for Convenient Modeling, Analysis, and Optimization of Electric Power Systems}, year={2018}, volume={33}, number={6}, pages={6510-6521}} 

%%%
@article{metodoMetaHeuristico,
	title={Optimal power flow by enhanced genetic algorithm},
	author={Bakirtzis, Anastasios G and Biskas, Pandel N and Zoumas, Christoforos E and Petridis, Vasilios},
	journal={IEEE Transactions on power Systems},
	volume={17},
	number={2},
	pages={229--236},
	year={2002},
	publisher={IEEE}
}

@article{MetododaFuncaoLagrangiana,
	title={Optimal transformer tap selection using modified barrier-augmented Lagrangian method},
	author={Adibi, MM and Polyak, RA and Griva, IA and Mili, L and Ammari, S},
	journal={IEEE transactions on power systems},
	volume={18},
	number={1},
	pages={251--257},
	year={2003},
	publisher={IEEE}
}

@article{metododePlanosdeCorte,
	title={A robust approach to optimal power flow with discrete variables},
	author={Liu, Lin and Wang, Xifan and Ding, Xiaoying and Chen, Haoyong},
	journal={IEEE Transactions on power Systems},
	volume={24},
	number={3},
	pages={1182--1190},
	year={2009},
	publisher={IEEE}
}

@article{estevamBranchandBound,
	title={Reactive power dispatch and planning using a non-linear branch-and-bound algorithm},
	author={Estevam, CRN and Rider, MJ and Amorim, E and Mantovani, JRS},
	journal={IET generation, transmission \& distribution},
	volume={4},
	number={8},
	pages={963--973},
	year={2010},
	publisher={IET}
}

@article{phanBranchandBound,
	title={Lagrangian duality and branch-and-bound algorithms for optimal power flow},
	author={Phan, Dzung T},
	journal={Operations Research},
	volume={60},
	number={2},
	pages={275--285},
	year={2012},
	publisher={INFORMS}
}

@article{silvaBranchandBound,
	title={Allocation of static VAr compensators using optimal reactive power flow and branch & bound algorithm},
	author={Silva, Mauricio Chinarelli Alves and Belati, Edmarcio Antonio},
	journal={IEEE Latin America Transactions},
	volume={14},
	number={5},
	pages={2194--2200},
	year={2016},
	publisher={IEEE}
}

%livro de calculo numerico
@book{Ruggiero,
	title={C{\'a}lculo num{\'e}rico: aspectos te{\'o}ricos e computacionais},
	author={Ruggiero, M{\'a}rcia A Gomes and Lopes, Vera L{\'u}cia da Rocha},
	year={1997},
	publisher={Makron Books do Brasil}
}

@book{marylillian,
	title={Curso de {\'A}lgebra Linear, Um Vol. 34},
	author={Coelho, Fl{\'a}vio Ulhoa and Lourenco, Mary L{\'\i}lian},
	year={2001},
	publisher={Edusp}
}

@book{boldrini,
	title={{\'A}lgebra linear},
	author={Boldrini, Jos{\'e} Luiz and Costa, Sueli IR and Figueredo, VL and Wetzler, Henry G},
	year={1980},
	publisher={Harper \& Row}
}

@article{arenalesnumerico,
	title={C{\'a}lculo num{\'e}rico},
	author={Arenales, Selma Helena de Vasconcelos and Salvador, Jos{\'e} Antonio},
	year={2017}
}

@article{guidorizziV1,
	title={Um curso de c{\'a}lculo, v. 1},
	author={Guidorizzi, Hamilton Luiz},
	journal={Editora LTC},
	volume={5},
	year={2001}
}

%livro de despacho
@book{wollenberg,
	title={Power generation, operation, and control},
	author={Wood, Allen J and Wollenberg, Bruce F and Shebl{\'e}, Gerald B},
	year={2013},
	publisher={John Wiley \& Sons}
}

@phdthesis{artigoportugal,
	title={Despacho {\'o}ptimo em sistemas el{\'e}ctricos de energia isolados},
	author={Maia, Pedro},
	year={2010},
	school={Instituto Polit{\'e}cnico do Porto. Instituto Superior de Engenharia do Porto.}
}

@article{artigodespacho,
	title={METODOLOGIA DE OTIMIZA{\c{C}}{\~A}O PARA O DESPACHO CONJUNTO DE ENERGIA E O SERVI{\c{C}}O DE RESERVA OPERATIVA},
	author={Lescano, MS Gerardo MA and Aurich, MS Mariella RC and Ohishi, Takaaki}
}

@book{bazaraa2013nonlinear,
	title={Nonlinear programming: theory and algorithms},
	author={Bazaraa, Mokhtar S and Sherali, Hanif D and Shetty, Chitharanjan M},
	year={2013},
	publisher={John Wiley \& Sons}
}

@book{luenberger1984linear,
	title={Linear and nonlinear programming},
	author={Luenberger, David G and Ye, Yinyu and others},
	volume={2},
	year={1984},
	publisher={Springer}
}
@book{luenberger2008linear,
	title={Linear and nonlinear programming},
	author={g Luenberger, David},
	year={2008},
	publisher={Springer Science+ Business Media, LLC}
}

@book{elonanalisevolume2,
	title={An{\'a}lise real},
	author={Lima, Elon Lages},
	volume={12},
	year={2004},
	publisher={Impa}
}